@MANUAL{phpmanual,
  title = {PHP Manual},
  year = {2013},
  url = {http://fi2.php.net/manual/en/},
  retrieved = {2.3.2014}
}